@misc{scan,
    title = {{SCAN (Elevator) Disk Scheduling Algorithms}},
    howpublished = {\url{https://www.geeksforgeeks.org/scan-elevator-disk-scheduling-algorithms/}},
    author = {sid779}
}

@misc{pc,
    title = {{CIC0202 - PROGRAMAÇÃO CONCORRENTE - Turma 01 - 2023/1}},
    howpublished = {\url{https://aprender3.unb.br/course/view.php?id=18786}},
    author = {Eduardo Adilio Pelinson Alcheri}
}

@book{book,
  author = {Mordechai Ben-Ari},
  year = {2005},
  title = {{Principles of Concurrent and Distributed Programming 2ed}},
  publisher = {}
}
